@online{YouTubeVideo2023,
  author = {freeCodeCamp.org},
  title = {Learn Modern C++ by Building an Audio Plugin (w/ JUCE Framework) - Full Course},
  year = {2021},
  url = {https://www.youtube.com/watch?v=i_Iq4_Kd7Rc&ab_channel=freeCodeCamp.org},
}